@article{Cacciari:2011ma,
      author         = "Cacciari, Matteo and Salam, Gavin P. and Soyez, Gregory",
      title          = "{FastJet User Manual}",
      journal        = "Eur. Phys. J.",
      volume         = "C72",
      year           = "2012",
      pages          = "1896",
      doi            = "10.1140/epjc/s10052-012-1896-2",
      eprint         = "1111.6097",
      archivePrefix  = "arXiv",
      primaryClass   = "hep-ph",
      reportNumber   = "CERN-PH-TH-2011-297",
      SLACcitation   = "%%CITATION = ARXIV:1111.6097;%%"
}



@article{Bierlich:2019rhm,
      author         = "Bierlich, Christian and others",
      title          = "{Robust Independent Validation of Experiment and Theory:
                        Rivet version 3}",
      journal        = "SciPost Phys.",
      volume         = "8",
      year           = "2020",
      pages          = "026",
      doi            = "10.21468/SciPostPhys.8.2.026",
      eprint         = "1912.05451",
      archivePrefix  = "arXiv",
      primaryClass   = "hep-ph",
      reportNumber   = "MCnet-19-26",
      SLACcitation   = "%%CITATION = ARXIV:1912.05451;%%"
}



@article{Bierlich:2020wms,
      author         = "Bierlich, Christian and others",
      title          = "{Confronting experimental data with heavy-ion models:
                        RIVET for heavy ions}",
      journal        = "Eur. Phys. J.",
      volume         = "C80",
      year           = "2020",
      number         = "5",
      pages          = "485",
      doi            = "10.1140/epjc/s10052-020-8033-4",
      eprint         = "2001.10737",
      archivePrefix  = "arXiv",
      primaryClass   = "hep-ph",
      reportNumber   = "LU TP 20-04, MCNET-20-04",
      SLACcitation   = "%%CITATION = ARXIV:2001.10737;%%"
}



@article{Abt:1994ye,
      author         = "Abt, I. and others",
      title          = "{Energy flow and charged particle spectrum in deep
                        inelastic scattering at HERA}",
      collaboration  = "H1",
      journal        = "Z. Phys.",
      volume         = "C63",
      year           = "1994",
      pages          = "377-390",
      doi            = "10.1007/BF01580319",
      reportNumber   = "DESY-94-033",
      SLACcitation   = "%%CITATION = ZEPYA,C63,377;%%"
}

